% http://www.texdoc.net/texmf-dist/doc/bibtex/apacite/apacite.pdf

@misc{APMonitor,
title = {APMnitor},
url = {https://apmonitor.com/pdc/index.php/Main/ArduinoTemperatureControl},
year = {2020}
}

@book{FilteringIdentification,
title = {Filtering and System Identification, A least squares approach}
author = {{Michel Verheagen}, {Vincent Verdult}}
publisher = {Cambridge University Press}
year = {2007}
}